****************** THESIS BASE *********************************************

@InProceedings{cubeqashort,
  Title                    = {Towards {Q}uestion {A}nswering on Statistical {L}inked {D}ata},
  Author                   = {H\"{o}ffner, Konrad and Lehmann, Jens},
  Booktitle                = {Proceedings of the 10th International Conference on Semantic Systems},
  Year                     = {2014},
  Pages                    = {61--64},
  publisher                = {Association for Computing Machinery},
  Address                  = {New York, USA},
  Bdsk-url-1               = {http://svn.aksw.org/papers/2014/cubeqa/short/public.pdf},
  doi                      = {10.1145/2660517.2660521},
  noISBN                   = {978-1-4503-2927-9},
  nourl                    = {http://svn.aksw.org/papers/2014/cubeqa/short/public.pdf},
  note={doi:10.1145/2660517.2660521},
}

@Article{linkedspending,
  Title                    = {{LinkedSpending}: {OpenSpending} becomes {Linked Open Data}},
  Author                   = {Konrad H{\"o}ffner and Michael Martin and Jens Lehmann},
  Journal                  = {Semantic Web Journal},
  Year                     = {2016},
  Volume 		   = {7},
  Number		   = {1},
  Pages			   = {95--104},
}

@Article{qasurvey,
  Title                    = {Survey on Challenges of {Q}uestion {A}nswering in the {S}emantic {W}eb},
  Author                   = {Konrad H\"offner and Sebastian Walter and Edgard Marx and Ricardo Usbeck and Jens Lehmann and Axel-Cyrille {{Ngonga Ngomo}}},
  Journal                  = {Semantic Web Journal},
  Year                     = {2017},
  Volume		   = {8},
  Number		   = {6},
  Pages			   = {895--920}
}


@inproceedings{cubeqa,
  Title                    = {{CubeQA}---{Q}uestion {A}nswering on {RDF} {D}ata {C}ubes},
  Author                   = {Konrad H{\"o}ffner and Jens Lehmann and Ricardo Usbeck},
  Booktitle                = {The Semantic Web -- ISWC 2016},
  Year                     = {2016},
  Series		   = {Lecture Notes in Computer Science},
  Volume		   = {9981},
  noNumber		   = {1},
  Publisher		   = {Springer International Publishing},
  Pages			   = {325--340},
  noUrl                    = {https://svn.aksw.org/papers/2016/ISWC_cubeqa/},
}

***************** AUTHORED OR COAUTHORED BUT NOT THESIS BASE *****************************

@InProceedings{eswc_asknow,
  Title                    = {{AskNow}: {A} Framework for Natural Language Query Formalization in {SPARQL}},
  Author                   = {Mohnish Dubey and Sourish Dasgupta and Ankit Sharma and Konrad Höffner and Jens Lehmann},
  Booktitle                = {The Semantic Web. Latest Advances and New Domains},
  Year                     = {2016},
  Pages			   = {300--316},
  Keywords                 = {group_aksw MOLE sys:relevantFor:infai sys:relevantFor:bis sys:relevantFor:aligned 2016 lehmann hoeffner},
  Url                      = {http://jens-lehmann.org/files/2016/eswc_asknow.pdf}
}

@InProceedings{ermilov-i-2015-b,
  Title                    = {k{O}re: {U}sing {L}inked {D}ata for {O}pen{S}cience {I}nformation {I}ntegration},
  Author                   = {Ivan Ermilov and Konrad H\"offner and Jens Lehmann and Dmitry Mouromtsev},
  Booktitle                = {SEMANTiCS 2015},
  Year                     = {2015},

  Abstract                 = {While the amount of data on the Web grows at 57% per year, the Web of Science maintains a considerable amount of inertia, as yearly growth varies between 1.6% and 14%. On the other hand, the Web of Science consists of high quality information created and reviewed by the international community of researchers. While it is a complicated process to switch from traditional publishing methods to methods, which enable data publishing in machine-readable formats, the situation can be improved by at least exposing metadata about the scientific publications in machine-readable format. In this paper we aim at metadata, hidden inside universities' internal databases, reports and other hard to discover sources. We extend the VIVO ontology and create the VIVO+ ontology. We define and describe a framework for automatic conversion of university data to RDF. We showcase the VIVO+ ontology and the framework using the example of the ITMO university.},
  Bdsk-url-1               = {http://svn.aksw.org/papers/2015/SEMANTICS_Licensing/public.pdf},
  Keywords                 = {2015 geoknow sake iermilov lehmann hoeffner simba group_aksw sys:relevantFor:infai sys:relevantFor:bis sys:relevantFor:geoknow},
  Owner                    = {ivan},
  Timestamp                = {2015.08.12},
  Url                      = {http://svn.aksw.org/papers/2015/SEMANTICS_ITMOLOD_DEMO/public.pdf}
}

@InProceedings{hoeffner-2013-kesw,
  Title                    = {User Interface for a Template Based {Q}uestion {A}nswering System},
  Author                   = {Konrad H{\"o}ffner and Christina Unger and Lorenz B{\"u}hmann and Jens Lehmann and Axel-Cyrille {Ngonga Ngomo} and Daniel Gerber and Phillip Cimiano},
  Booktitle                = {Knowledge Engineering and Semantic Web, 4th International Conference},
  Year                     = {2013},
  Pages                    = {258-264},
  Bdsk-url-1               = {http://svn.aksw.org/papers/2013/KESW_AutoSparqlTbsl_Demo/public.pdf},
  Ee                       = {http://dx.doi.org/10.1007/978-3-642-41360-5_21},
  Keywords                 = {group_aksw SIMBA MOLE sys:relevantFor:infai sys:relevantFor:bis sys:relevantFor:geoknow ngonga topic_Search topic_Querying lehmann hoeffner 2013 autosparql tbsl},
  Url                      = {http://svn.aksw.org/papers/2013/KESW_AutoSparqlTbsl_Demo/public.pdf}
}

@TechReport{geoknow_handbook,
  Title                    = {The {G}eo{K}now Handbook},
  Author                   = {Jens Lehmann and Spiros Athanasiou and Andreas Both and Lorenz Buehmann and Alejandra Garcia-Rojas and Giorgos Giannopoulos and Daniel Hladky and Konrad Höffner and Jon Jay Le Grange and Axel-Cyrille {Ngonga Ngomo} and Rene Pietzsch and Robert Isele and Mohamed Ahmed Sherif and Claus Stadler and Matthias Wauer and Patrick Westphal},
  Year                     = {2015},

  Keywords                 = {2015 group_aksw sys:relevantFor:infai sys:relevantFor:bis sys:relevantFor:geoknow lehmann ngonga MOLE sherif hoeffner geoknow},
  Url                      = {http://jens-lehmann.org/files/2015/geoknow_handbook.pdf},
 institution = {Institute of Applied Informatics, University of Leipzig}
}

@InBook{ios_geoknow_chapter,
  Title                    = {Managing Geospatial {L}inked {D}ata in the {GeoKnow} Project},
  Author                   = {Jens Lehmann and Spiros Athanasiou and Andreas Both and Alejandra Garcia-Rojas and Giorgos Giannopoulos and Daniel Hladky and Konrad Höffner and Jon Jay Le Grange and Axel-Cyrille {Ngonga Ngomo} and Mohamed Ahmed Sherif and Claus Stadler and Matthias Wauer and Patrick Westphal and Vadim Zaslawski},
  Pages                    = {51--78},
  Year                     = {2015},
  Series                   = {Studies on the Semantic Web},
  chapter		   = {4},
  publisher		   = {IOS Press},
  address		   = {Amsterdam, Netherlands},
  Keywords                 = {2015 group_aksw sys:relevantFor:infai sys:relevantFor:bis sys:relevantFor:geoknow lehmann ngonga MOLE sherif hoeffner geoknow wauer},
  Url                      = {http://jens-lehmann.org/files/2015/ios_geoknow_chapter.pdf}
}

@InProceedings{LEH+12b,
  Title                    = {{DEQA}: {D}eep Web Extraction for {Q}uestion {A}nswering},
  Author                   = {Jens Lehmann and Tim Furche and Giovanni Grasso and Axel-Cyrille {Ngonga Ngomo} and Christian Schallhart and Andrew Sellers and Christina Unger and Lorenz B{\"u}hmann and Daniel Gerber and Konrad H{\"o}ffner and David Liu and S{\"o}ren Auer},
  Booktitle                = {The Semantic Web -- ISWC 2012},
  Publisher		   = {Springer Berlin Heidelberg},
  Pages			   = {131--147},
  Year                     = {2012},
  Bdsk-url-1               = {http://jens-lehmann.org/files/2012/iswc_deqa.pdf},
  Date-modified            = {2012-12-02 12:51:46 +0000},
  Keywords                 = {2012 group_aksw SIMBA MOLE sys:relevantFor:infai sys:relevantFor:bis ngonga lehmann gerber buehmann boa auer hoeffner limes},
  Owner                    = {ngonga},
  Timestamp                = {2012.09.18},
  Url                      = {http://jens-lehmann.org/files/2012/iswc_deqa.pdf}
}

@Article{geoknow_business,
  Title                    = {{G}eo{K}now: {G}eo-Anwendungen im {D}aten{W}eb},
  Author                   = {Jens Lehmann and Konrad H{\"o}ffner and Sandra Pr{\"a}tor and Stephanie Lehmann and Axel-Cyrille {Ngonga Ngomo} and Alejandra Garcia-Rojas and Spiros Athanasiou},
  Journal                  = {gis.Business},
  Year                     = {2013},
  noNumber                 = {5},
  volume  	           = {5},
  Pages                    = {48--51},
  Keywords                 = {lehmann group_aksw MOLE sys:relevantFor:infai sys:relevantFor:bis sys:relevantFor:lod2 sys:relevantFor:geoknow lod2page 2013 hoeffner}
}

@InProceedings{Lyko2013,
  Title                    = {{SAIM}---{O}ne Step Closer to Zero-Configuration Link Discovery},
  Author                   = {Klaus Lyko and Konrad H\"offner and Ren\'e Speck and Axel-Cyrille {Ngonga Ngomo} and Jens Lehmann},
  oldBooktitle                = {Proceedings of the Extended Semantic Web Conference Posters \& Demos},
  Booktitle		   = {The Semantic Web: ESWC 2013 Satellite Events},
  Publisher		   = {Springer Berlin Heidelberg},
  Pages			   = {167--172},
  Year                     = {2013},

  Bdsk-url-1               = {http://jens-lehmann.org/files/2013/eswc_demo_saim.pdf},
  Keywords                 = {2013 group_aksw group_mole mole ngonga lehmann sys:relevantFor:infai sys:relevantFor:bis sys:relevantFor:lod2 topic_Interlinking sys:relevantFor:geoknow geoknow lod2page peer-reviewed MOLE simba limes speck lyko scms hoeffner},
  Owner                    = {jl},
  Timestamp                = {2013.04.27},
  Url                      = {http://jens-lehmann.org/files/2013/eswc_demo_saim.pdf}
}

@InProceedings{openQA,
  Title                    = {Towards an Open {Q}uestion {A}nswering Architecture},
  Author                   = {Edgard Marx and Ricardo Usbeck and Axel-Cyrille {Ngonga Ngomo} and Konrad H{\"o}ffner and Jens Lehmann and S{\"o}ren Auer},
  oldBooktitle              = {SEMANTiCS 2014},
  Booktitle		   = {Proceedings of the 10th International Conference on Semantic Systems},
  Year                     = {2014},
  Bdsk-url-1               = {http://svn.aksw.org/papers/2014/Semantics_openQA/public.pdf},
  Keywords                 = {sys:relevantFor:infai sys:relevantFor:bis sys:relevantFor:geoknow marx simba ngonga usbeck group_aksw hoeffner lehmann openqa mole MOLE},
  Url                      = {http://svn.aksw.org/papers/2014/Semantics_openQA/public.pdf}
}

@TechReport{raven_report,
  Title                    = {{RAVEN}---{T}owards Zero-Configuration Link Discovery},
  Author                   = {Axel-Cyrille {Ngonga Ngomo} and Jens Lehmann and S{\"o}ren Auer and Konrad H{\"o}ffner},
  Year                     = {2012},

  Bdsk-url-1               = {http://jens-lehmann.org/files/2012/raven_report.pdf},
  Institution                = {University of Leipzig},
  Keywords                 = {2012 group_aksw SIMBA MOLE sys:relevantFor:infai sys:relevantFor:bis ngonga lehmann auer hoeffner scms},
  Url                      = {http://jens-lehmann.org/files/2012/raven_report.pdf}
}

@InProceedings{NGO+11a,
  Title                    = {{RAVEN}: {A}ctive Learning of Link Specifications},
  Author                   = {Axel-Cyrille {Ngonga Ngomo} and Jens Lehmann and S{\"o}ren Auer and Konrad H{\"o}ffner},
  oldBooktitle                = {Proceedings of the Ontology Matching Workshop (co-located with ISWC)},
  Booktitle		   = {Proceedings of the 6th International Conference on Ontology Matching},
  Volume		   = {814},
  Pages			   = {25--36},
  Year                     = {2011},
  Bdsk-url-1               = {http://jens-lehmann.org/files/2011/raven.pdf},
  Date-modified            = {2012-12-02 13:10:38 +0000},
  Keywords                 = {2011 group_aksw SIMBA MOLE sys:relevantFor:infai sys:relevantFor:bis ngonga lehmann auer hoeffner scms},
  Owner                    = {ngonga},
  Timestamp                = {2011.09.12},
  Url                      = {http://jens-lehmann.org/files/2011/raven.pdf}
}

@Poster{quastoff-m-2010--a,
  Title                    = {Standardized Multilingual Language Resources for the Web of Data: http://corpora.uni-leipzig.de/rdf},
  Author                   = {Matthias Quasthoff and Sebastian Hellmann and Konrad H{\"o}ffner},

  Note                     = {3rd prize at the LOD Triplification Challenge, Graz, 2009},

  Bdsk-url-1               = {http://triplify.org/files/challenge_2009/languageresources.pdf},
  Date-modified            = {2012-12-02 13:10:26 +0000},
  Keywords                 = {2009 hellmann kilt group_aksw MOLE sys:relevantFor:bis sys:relevantFor:infai hoeffner kilt},
  Owner                    = {sebastian},
  Timestamp                = {2010.12.11},
  Url                      = {http://triplify.org/files/challenge_2009/languageresources.pdf},
  Year                     = {2009}
}

@InProceedings{ICSC2013Expansion,
  Title                    = {Keyword {Q}uery {E}xpansion on {L}inked {D}ata Using Linguistic and Semantic Features},
  Author                   = {Saeedeh Shekarpour and Konrad H{\"o}ffner and Jens Lehmann and S{\"o}ren Auer},
  Booktitle                = {7th IEEE International Conference on Semantic Computing, September 16-18, 2013, Irvine, California, USA},
  Year                     = {2013},
  Pages                    = {191-197},

  Abstract                 = {Effective search in structured information based on textual user input is of high importance in thousands of applications. Query expansion methods augment the original query of a user with alternative query elements with similar meaning to increase the chance of retrieving appropriate resources. In this work, we introduce a number of new query expansion features based on semantic and linguistic inferencing over Linked Open Data. We evaluate the effectiveness of each feature individually as well as their combinations employing several machine learning approaches. The evaluation is carried out on a training dataset extracted from the QALD Question Answering benchmark. Furthermore, we propose an optimized linear combination of linguistic and lightweight semantic features in order to predict the usefulness of each expansion candidate. Our experimental study shows a considerable improvement in precision and recall over baseline approaches.},
  Bdsk-url-1               = {http://svn.aksw.org/papers/2013/ISWC2013_QueryExpansion/public.pdf},
  Ee                       = {http://doi.ieeecomputersociety.org/10.1109/ICSC.2013.41},
  Keywords                 = {shekarpour auer hoeffner lehmann group_aksw sys:relevantFor:infai sys:relevantFor:bis sys:relevantFor:lod2 lod2page 2013 event_ICSC sys:relevantFor:geoknow topic_Search MOLE},
  Owner                    = {soeren},
  Timestamp                = {2013.06.01},
  Url                      = {http://svn.aksw.org/papers/2013/ISWC2013_QueryExpansion/public.pdf}
}

@Article{SLHA11,
  Title                    = {LinkedGeoData: {A} Core for a Web of Spatial Open Data},
  Author                   = {Claus Stadler and Jens Lehmann and Konrad H{\"o}ffner and S{\"o}ren Auer},
  Journal                  = {Semantic Web Journal},
  Year                     = {2012},
  Number                   = {4},
  Pages                    = {333-354},
  Volume                   = {3},
  Bdsk-url-1               = {http://www.semantic-web-journal.net/sites/default/files/swj173_2.pdf},
  Date-modified            = {2012-12-02 13:09:43 +0000},
  Keywords                 = {sys:relevantFor:bis sys:relevantFor:infai stadler lehmann hoeffner auer MOLE lgd 2012 group_aksw},
  Owner                    = {stadler},
  Timestamp                = {2011.09.09},
  Url                      = {http://jens-lehmann.org/files/2012/linkedgeodata2.pdf}
}

@InProceedings{sniktec,
 Title			= {Technical Environment for Developing the SNIK Ontology of Information Management in Hospitals},
 Author			= {Konrad H{\"o}ffner and Franziska Jahn and Christian K{\"u}cherer and Barbara Paech and Birgit Schneider and Martin Schöbel and Sebastian Stäubert and Alfred Winter},
 oldBooktitle		= {Proceedings of the GMDS Annual Conference},
 Booktitle		= {Studies in Health Technology and Informatics},
 Pages			= {122--126},
 Volume			= {243},
 Year			= {2017}
}

@article{semanticweb,
  title={The {S}emantic {W}eb},
  author={Berners-Lee, Tim and Hendler, James and Lassila, Ora and others},
  journal={Scientific American},
  volume={284},
  number={5},
  pages={28--37},
  year={2001},
  publisher={New York, NY, USA}
}
