@article{umap,
title={UMAP: Uniform manifold approximation and projection for dimension reduction},
author={McInnes, Leland and Healy, John and Melville, James},
journal={arXiv preprint arXiv:1802.03426},
year={2018}
}

@inproceedings{nswd,
author = {De Nies, Tom and Beecks, Christian and Godin, Fréderic and De Neve, Wesley and Stepien, Grzegorz and Arndt, Dörthe and Vocht, Laurens and Verborgh, Ruben and Seidl, Thomas and Mannens, Erik and Van de Walle, Rik},
year = {2016},
month = {05},
pages = {69-84},
title = {Normalized Semantic Web Distance},
isbn = {978-3-319-34128-6},
doi = {10.1007/978-3-319-34129-3_5}
}

