@article{quitstore,
  author = {Arndt, Natanael and Naumann, Patrick and Radtke, Norman and Martin, Michael and Marx, Edgard},
  doi = {10.1016/j.websem.2018.08.002},
  journal = {Journal of Web Semantics},
  keywords = {myown quit versioning},
  title = {Decentralized Collaborative Knowledge Management using Git},
  url = {https://arxiv.org/pdf/1805.03721},
  year = 2018
}

