@misc{sophia,
        title = {Sophia: A {L}inked {D}ata and {S}emantic {W}eb toolkit for {R}ust},
        author = {Champin, Pierre-Antoine},
        howpublished = {{The Web Conference 2020: Developers Track}},
        address = {Taipei, TW},
        editor = {Wilde, Erik and Amundsen, Mike},
        month = apr,
        year = {2020},
        language = {en},
        url = {https://www2020devtrack.github.io/site/schedule}
}
